
% zdroj na webe
@misc{1.zdroj,
	author = "Adam.V",
	title = "Umělá inteligence v počítačových hrách aneb Myslí ta hra skutečně sama?  ",
	howpublished = "\url{https://www.ackee.cz/blog/umela-inteligence-v-pocitacovych-hrach-aneb-mysli-ta-hra-skutecne-sama/}",
}
@misc{2.zdroj,
	author = "Chad Birch",
	title = " Understanding Pac-Man Ghost Behavior ",
	howpublished = "\url{http://gameinternals.com/understanding-pac-man-ghost-behavior}",
}
@misc{3.zdroj,
	author ="IBM Cloud Education",
	title = " Artificial Intelligence (AI)",
	howpublished = "\url{https://www.ibm.com/cloud/learn/what-is-artificial-intelligence}",
}
@misc{4.zdroj,
	author =" Don Hodges",
	title = " Why do Pinky and Inky have different behaviors when Pac-Man is facing up? ",
	howpublished = "\url{http://donhodges.com/pacman_pinky_explanation.htm}",
}